% example .bib file for use with projectpaper.tex

@book{Dunhack,
author = {David L Craddock},
editor = {Andrew Magrath},
title = {Dungeon Hacks: How NetHack, Angband, and Other Roguelikes Changed the Course of Video Games},
month = {August},
year = {2015},
publisher = {Authors Republic}
},

@article{surveyPNF,
author = {A. Lagae, et al.},
title = {A Survey of Procedural Noise Functions},
journal = {Computer Graphics Forum},
volume = {0 (1981)},
number = {0},
year = {2010}
},

@book{pgcbook,
author={Shaker, Noor and Togelius, Julian and Nelson, Mark J.},
title={Procedural Content Generation in Games: A Textbook and an Overview of Current Research},
publisher={Springer},
year={2015}
},

@incollection{pgcbookch4,
author={Togelius, Julian and Shaker, Noor and Nelson, Mark J.},
title={Fractals, noise and agents with applications to
landscapes},
booktitle={Procedural Content Generation in Games: A Textbook and an Overview of Current Research},
editor={Shaker, Noor and Togelius, Julian and Nelson, Mark J.},
publisher={Springer},
year={2015},
page={57}
},

@article{VAST,
author = {Adams, S. Goel, A.},
title = {Making Sense of VAST Data},
journal = {Intelligence and Security Informatics, 2007 IEEE},
pages={270-273},
month = {May},
year = {2007}
},

@article{improvepnoise,
author = {Ken Perlin},
title = {Improving Noise},
journal = {Computer Graphics},
volume = {35},
number = {3},
year = {2002}
},

@article{imagesynth,
author = {Ken Perlin},
title = {An Image Synthesizer},
journal = {Computer Graphics},
volume = {19},
number = {3},
year = {1988}
},

@book{textmodel,
author={David Ebert},
title={Texturing and Modeling, A Procedural Approach},
publisher={AP Professional},
year={1994},
chapter={2},
pages={65-84},
address={Cambridge}
}


@article{Howuseperlin,
author = {Herman Tulleken},
title = {How to Use Perlin Noise in Your Games},
journal = {Dev. Mag},
volume = {20},
month = {February},
year = {2008}
}


@misc{kkrieger,
author = {.kkrieger},
howpublished = {\url{http://web.archive.org/web/20110717024227/http://www.theprodukkt.com/kkrieger}},
year = {2004},
note = {(Accessed on 02/05/2016)}
}


@misc{newzoo,
author = {Newzoo},
title = {Global Games Market Will Reach \$102.9 Billion in 2017},
howpublished = {\url{http://newzoo.com/globalgamesdata}},
month = {May},
year = {2014},
note = {(Accessed on 02/05/2016)}
},

@book{java,
author = {Lemay, L. Perkins, C.},
title = {Teach Yourself Java in 21 Days},
publisher={Sams.net Publishing},
address={Indiana},
year = {1996},
pages={7}
},

@misc{trystan,
author = {T. Spangler},
title = {AsciiPanel},
howpublished = {\url{https://github.com/trystan/AsciiPanel}},
year = {2015},
note = {(Accessed on 02/05/2016)}
},

@article{cellauto,
author = {M. Gardner},
title = {Mathematical Games - The fantastic combinations of {J}ohn {C}onway's new solitaire game `life'},
journal = {Scientific American},
volume = {223},
pages = {120-123},
month = {October},
year = {1970}
},

@book{naturecode,
author = {Daniel Shiffman},
editor = {Shannon Fry},
title = {The Nature of Code},
chapter = {7},
publisher = {Magic Book Project},
year = {2012}
},

@misc{roguebasin,
author = {RogueBasin},
title = {Cellular Automata Method for Generating Random Cave-Like Levels},
howpublished = {\url{http://www.roguebasin.com/index.php?title=Cellular_Automata_Method_for_Generating_Random_Cave-Like_Levels}},
year = {2016},
note = {(Visited on 02/07/2016)}
},

@misc{notch,
author = {Markus Alexej Persson},
title = {The Word of Notch — Terrain generation, Part 1},
howpublished = {\url{http://notch.tumblr.com/post/3746989361/terrain-generation-part-1}},
year = {2012},
note = {(Visited on 02/12/2016)}
},

@misc{platformgames,
author = {K. Compton, M. Mateas},
title = {Procedural Level Design for Platform Games},
month = {June},
journal = {AIIDE},
pages = {109-111},
year = {2006},
},

@inproceedings{smith2014logical,
  title={A logical approach to building dungeons: Answer set programming for hierarchical procedural content generation in roguelike games},
  author={Smith, Anthony J and Bryson, Joanna J},
  booktitle={Proceedings of the 50th Anniversary Convention of the AISB},
  year={2014}
},

@misc{ukie,
author = {UKIE},
title = {The games industry in numbers | Ukie},
howpublished = {\url{http://ukie.org.uk/research}},
month = {},
year = {2016},
note = {(Visited on 02/12/2016)}
},

@misc{E3,
  author = {E3},
  journal = {Electronic Entertainment Expo Conference},
  title = {Hello Games - No Man's Sky Gameplay Demo},
  year = {2015}
},

@misc{newzoo,
author = {Newzoo},
title = {Games market revenue worldwide in 2015, 2016 and 2018, by segment and screen (in billion U.S. dollars)},
howpublished = {\url{http://www.statista.com/statistics/278181/video-games-revenue-worldwide-from-2012-to-2015-by-source/}},
month = {April},
year = {2016}
},


@misc{stats,
author = {A. Clauset},
title = {A brief primer of probability distributions},
month = {August},
journal = {Inference, Models and Simulation for Complex Systems},
year = {2011}
},

@article{cellularcomplexity,
author = {S. Wolfram},
title = {Cellular Automata as Models of Complexity},
month = {October},
year = {1984},
journal = {Nature},
volume = {311},
number = {5985},
pages = {419-424}
},

@article{GMillerDiamondSq,
author = {G. Miller},
title = {The Definition and Rendering of Terrain Maps},
month = {August},
year = {1986},
journal = {Computer Graphics},
volume = {20},
number = {4}
},

@article{FournierDSq,
author = {A. Fournier, D. Fussell, L. Carpenter,},
title = {Computer Rendering of Stochastic Models},
month = {June},
year = {1982},
journal = {Communications of the ACM},
volume = {25},
number = {6},
pages = {371-384},
},

@misc{planetside,
author = {M. Fairclough},
title = {Planetside Software (Terragen)},
howpublished = {\url{http://planetside.co.uk/}},
note = {(Accessed on 04/30/2016)}
},

@misc{claghorn,
author = {J. Claghorn},
title = {Fractal Terrain Generator – Example 9.3 | Generative Landscapes},
howpublished = {\url{https://generativelandscapes.wordpress.com/2014/09/15/fractal-terrain-generator-example-9-3/}},
month = {September},
year = {2014},
note = {(Accessed on 04/30/2016)}
},

@article{Hendrikx,
 author = {Hendrikx, Mark and Meijer, Sebastiaan and Van Der Velden, Joeri and Iosup, Alexandru},
 title = {Procedural Content Generation for Games: A Survey},
 journal = {ACM Trans. Multimedia Comput. Commun. Appl.},
 volume = {9},
 number = {1},
 month = {February},
 year = {2013},
 pages = {1-22},
 articleno = {1},
 publisher = {ACM},
 address = {New York, NY, USA}
},

@article{togelius2011search,
  title={Search-based procedural content generation: A taxonomy and survey},
  author={Togelius, Julian and Yannakakis, Georgios N and Stanley, Kenneth O and Browne, Cameron},
  journal={Computational Intelligence and AI in Games, IEEE Transactions on},
  volume={3},
  number={3},
  pages={172--186},
  year={2011},
  publisher={IEEE}
},

@inproceedings{risi2014automatically,
  title={Automatically categorizing procedurally generated content for collecting games},
  author={S. Risi, et al},
  date = 2014,
  booktitle = {Proceedings of the Workshop on Procedural Content Generation in Games (PCG)},
  booktitileaddon = {9th International Conference on the Foundations of Digital Games (FDG-2014)},
  location = {New York}
},

@inproceedings{van2013designing,
  title={Designing Procedurally Generated Levels},
  author={van der Linden, Roland and Lopes, Ricardo and Bidarra, Rafael},
  booktitle={Ninth Artificial Intelligence and Interactive Digital Entertainment Conference},
  year={2013}
},

@misc{paulMartz,
author = {P. Martz},
title = {Generating Random Fractal Terrain},
howpublished = {\url{http://www.gameprogrammer.com/fractal.html#diamond}},
year = {1997},
note = {(Accessed on 05/02/2016)}
},

@article{van2014procedural,
  title={Procedural generation of dungeons},
  author={van der Linden, Ruud and Lopes, Roseli and Bidarra, Rafael},
  journal={Computational Intelligence and AI in Games, IEEE Transactions on},
  volume={6},
  number={1},
  pages={78--89},
  year={2014},
  publisher={IEEE}
},

@incollection{mahlmann2012spicing,
  title={Spicing up map generation},
  author={Mahlmann, Tobias and Togelius, Julian and Yannakakis, Georgios N},
  booktitle={Applications of evolutionary computation},
  pages={224--233},
  year={2012},
  publisher={Springer}
}