% example .bib file for use with projectpaper.tex

@book{Dunhack,
author = {David L Craddock},
editor = {Andrew Magrath},
title = {Dungeon Hacks: How NetHack, Angband, and Other Roguelikes Changed the Course of Video Games},
month = {August},
year = {2015},
publisher = {Authors Republic}
}

@article{surveyPNF,
author = {A. Lagae, et al.},
title = {A Survey of Procedural Noise Functions},
journal = {Computer Graphics Forum},
volume = {0 (1981)},
number = {0},
year = {2010}
}

@book{pgcbook,
author={Shaker, Noor and Togelius, Julian and Nelson, Mark J.},
title={Procedural Content Generation in Games: A Textbook and an Overview of Current Research},
publisher={Springer},
year={2015}
}

@incollection{pgcbookch4,
author={Togelius, Julian and Shaker, Noor and Nelson, Mark J.},
title={Fractals, noise and agents with applications to
landscapes},
booktitle={Procedural Content Generation in Games: A Textbook and an Overview of Current Research},
editor={Shaker, Noor and Togelius, Julian and Nelson, Mark J.},
publisher={Springer},
year={2015},
page={57}
}

@article{VAST,
author = {Adams, S. Goel, A.},
title = {Making Sense of VAST Data},
journal = {Intelligence and Security Informatics, 2007 IEEE},
pages={270-273},
month = {May},
year = {2007}
}

@article{improvepnoise,
author = {Ken Perlin},
title = {Improving Noise},
journal = {Computer Graphics},
volume = {35},
number = {3},
year = {2002}
}

@article{imagesynth,
author = {Ken Perlin},
title = {An Image Synthesizer},
journal = {Computer Graphics},
volume = {19},
number = {3},
year = {1988}
}

@book{textmodel,
author={David Ebert},
title={Texturing and Modeling, A Procedural Approach},
publisher={AP Professional},
year={1994},
chapter={2},
pages={65-84},
address={Cambridge}
}


@article{Howuseperlin,
author = {Herman Tulleken},
title = {How to Use Perlin Noise in Your Games},
journal = {Dev. Mag},
volume = {20},
month = {February},
year = {2008}
}


@misc{kkrieger,
author = {.kkrieger},
howpublished = {\url{http://web.archive.org/web/20110717024227/http://www.theprodukkt.com/kkrieger}},
year = {2004},
note = {(Accessed on 02/05/2016)}
}


@misc{newzoo,
author = {Newzoo},
title = {Global Games Market Will Reach \$102.9 Billion in 2017},
howpublished = {\url{newzoo.com/globalgamesdata}},
month = {May},
year = {2014},
note = {(Accessed on 02/05/2016)}
}

@book{java,
author = {Lemay, L. Perkins, C.},
title = {Teach Yourself Java in 21 Days},
publisher={Sams.net Publishing},
address={Indiana},
year = {1996},
pages={7}
}

@misc{trystan,
author = {RoguelikeTutorial},
title = {Trystan's blog},
howpublished = {\url{http://trystans.blogspot.co.uk/}},
year = {2016},
note = {(Accessed on 02/05/2016)}
}

@article{cellauto,
author = {M. Gardner},
title = {Mathematical Games - The fantastic combinations of {J}ohn {C}onway's new solitaire game `life'},
journal = {Scientific American},
volume = {223},
pages = {120-123},
month = {October},
year = {1970}
}

@book{naturecode,
author = {Daniel Shiffman},
editor = {Shannon Fry},
title = {The Nature of Code},
chapter = {7},
publisher = {Magic Book Project},
year = {2012}
}

@misc{roguebasin,
author = {RogueBasin},
title = {Cellular Automata Method for Generating Random Cave-Like Levels},
howpublished = {\url{http://www.roguebasin.com/index.php?title=Cellular_Automata_Method_for_Generating_Random_Cave-Like_Levels}},
year = {2016},
note = {(Visited on 02/07/2016)}
}

@misc{notch,
author = {Markus Alexej Persson},
title = {The Word of Notch â€” Terrain generation, Part 1},
howpublished = {\url{http://notch.tumblr.com/post/3746989361/terrain-generation-part-1}},
year = {2012},
note = {(Visited on 02/12/2016)}
}

@misc{ukie,
author = {UKIE},
title = {The games industry in numbers | Ukie},
howpublished = {\url{http://ukie.org.uk/research}},
month = {},
year = {2016},
note = {(Visited on 02/12/2016)}
}